@INPROCEEDINGS{edge, 
author={H. Chang and A. Hari and S. Mukherjee and T. V. Lakshman},
booktitle={2014 IEEE Conference on Computer Communications Workshops (INFOCOM WKSHPS)}, 
title={Bringing the cloud to the edge}, 
year={2014}, 
pages={346-351}, 
keywords={Internet of Things;cloud computing;computer centres;Internet of Things;IoT;NATed edge networks;cloud computing;cloud excels;data center cloud model;edge cloud;edge computing;edge services;openstack cloud management;resilient video monitoring;secured edge networks;Cloud computing;Databases;Delays;Image edge detection;Public key;Servers;Three-dimensional displays}, 
doi={10.1109/INFCOMW.2014.6849256}, 
month={April},}

@ARTICLE{iot-survey-issues, 
author={A. H. H. Ngu and M. Gutierrez and V. Metsis and S. Nepal and M. Z. Sheng}, 
journal={IEEE Internet of Things Journal}, 
title={IoT Middleware: A Survey on Issues and Enabling technologies}, 
year={2016}, 
volume={PP}, 
number={99}, 
pages={1-1}, 
keywords={Cloud computing;Data collection;Internet of things;Monitoring;Security;Sensors;Internet of Things;IoT Middleware;IoT Service Discovery;Security and Privacy}, 
doi={10.1109/JIOT.2016.2615180}, 
ISSN={2327-4662},}

@INPROCEEDINGS{iot-provision, 
author={S. Nastic and H. L. Truong and S. Dustdar}, 
booktitle={2016 IEEE/ACM Symposium on Edge Computing (SEC)}, 
title={A Middleware Infrastructure for Utility-Based Provisioning of IoT Cloud Systems}, 
year={2016}, 
pages={28-40}, 
keywords={IoT Cloud Systems;Middleware;Utility-based provisioning}, 
doi={10.1109/SEC.2016.35}, 
month={Oct},}


@INPROCEEDINGS{iot-real-time, 
author={Y. Nakamura and H. Suwa and Y. Arakawa and H. Yamaguchi and K. Yasumoto}, 
booktitle={2016 IEEE 36th International Conference on Distributed Computing Systems Workshops (ICDCSW)}, 
title={Design and Implementation of Middleware for IoT Devices toward Real-Time Flow Processing}, 
year={2016}, 
pages={162-167}, 
keywords={Internet of Things;actuators;data analysis;middleware;real-time systems;sensors;IoT devices;Raspberry Pi;computational resources;data stream distribution;local data stream processing;middleware;real-time data stream analysis;real-time flow processing;sensor actuator integration;Internet of Things;Middleware;Stream processing}, 
doi={10.1109/ICDCSW.2016.37}, 
month={June},}

@INPROCEEDINGS{iot-mqtt-coap, 
author={P. Bellavista and A. Zanni}, 
booktitle={2016 IEEE 2nd International Forum on Research and Technologies for Society and Industry Leveraging a better tomorrow (RTSI)}, 
title={Towards better scalability for IoT-cloud interactions via combined exploitation of MQTT and CoAP}, 
year={2016}, 
pages={1-6}, 
keywords={Big Data;ISO standards;Internet of Things;cloud computing;internetworking;optimisation;Big Data online stream processing;CoAP;Internet of Things;IoT-cloud interaction scalability;IoT-cloud platforms;IoT-devices;MQTT;cloud-hosted virtualized resources;decentralized virtual resources;edge nodes;elastic processing;elastic storage;fog/edge computing;gateway scalability enhancement;industry-oriented Kura framework;innovative distributed architecture;latency reduction;locality-based optimizations;machine-to-machine industry-mature protocols;open-source communities;open-source gateway implementation;Cloud-Sensor Interaction;CoAP;Gateway;Internet of Things;MQTT;Scalability}, 
doi={10.1109/RTSI.2016.7740614}, 
month={Sept},}

@Book{iot,
author = {Brynjolfsson, Erik},
title = {The second machine age : work, progress, and prosperity in a time of brilliant technologies},
publisher = {W.W. Norton \& Company},
year = {2014},
address = {New York},
isbn = {978-0-393-35064-7}}

@INPROCEEDINGS{iot-home-automation, 
author={S. Dey and A. Roy and S. Das}, 
booktitle={2016 IEEE 7th Annual Ubiquitous Computing, Electronics Mobile Communication Conference (UEMCON)}, 
title={Home automation using Internet of Thing}, 
year={2016}, 
pages={1-6}, 
keywords={Cloud computing;Home appliances;Home automation;Internet of Things;Security;Servers;Arduino;Internet of thing (IoT);WiFi Module (ESP8266);cloud computing;home automation}, 
doi={10.1109/UEMCON.2016.7777826}, 
month={Oct},}

@INPROCEEDINGS{iot-home-automation-overview, 
author={M. Asadullah and A. Raza}, 
booktitle={2016 2nd International Conference on Robotics and Artificial Intelligence (ICRAI)}, 
title={An overview of home automation systems}, 
year={2016}, 
pages={27-31}, 
keywords={Bluetooth;GSM;Home appliances;Home automation;Speech recognition;ZigBee;Bluetooth;EnOcean;GSM;Home Automation System;Internet of things (IoT);ZigBee}, 
doi={10.1109/ICRAI.2016.7791223}, 
month={Nov},}

@INPROCEEDINGS{iot-home-automation-android, 
author={M. N. Azni and L. Vellasami and A. H. Zianal and F. A. Mohammed and N. N. M. Daud and R. Vejasegaran and N. W. Basharudin and M. Jusoh and K. Azir and P. L. E. Kan}, 
booktitle={2016 3rd International Conference on Electronic Design (ICED)}, 
title={Home automation system with android application}, 
year={2016}, 
pages={299-303}, 
keywords={Batteries;Fans;Home appliances;Home automation;IEEE 802.11 Standard;Smart phones;Switches;Android App;Raspberry Pi;Wi-Fi;internet of thing;smart home}, 
doi={10.1109/ICED.2016.7804656}, 
month={Aug},}

@Book{mds,
author = {Stahl, Thomas},
title = {Model-driven software development : technology, engineering, management},
publisher = {J. Wiley \& Sons},
year = {2006},
address = {Chichester, England Hoboken, NJ},
isbn = {978-0-470-02570-3}}

@Book{patterns,
author = {Gamma, Erich},
title = {Design patterns : elements of reusable object-oriented software},
publisher = {Addison-Wesley},
year = {1995},
address = {Reading, Mass},
isbn = {978-0201633610}}
 
@Book{middleware,
author = {Myerson, Judith},
title = {The complete book of middleware},
publisher = {Auerbach},
year = {2002},
address = {Boca Raton, Fla},
isbn = {978-0849312724}}

@Book{richardson2013restful,
author = {Richardson, Leonard},
title = {RESTful Web APIs},
publisher = {O'Reilly},
year = {2013},
address = {Sebastopol, Calif},
isbn = {978-1449358068}}

@ONLINE{homekit,
author = {Apple},
title = {Apple's Homekit},
url = {http://www.apple.com/ios/home},
year = {2016}}

@ONLINE{brillo,
author = {Google, Brillo},
title = {Google Brillo, old Google project for IoT},
url = {https://developers.google.com/brillo},
year = {2016}}

@ONLINE{android-things,
author = {Google, Android},
title = {Android Things, Android OS for embedded systems},
url = {https://developer.android.com/things/index.html},
year = {2016}}

@ONLINE{eclipse-smarthome,
author = {Eclipse},
title = {Eclipse Smarthome, A flexible framework for the smarthome},
url = {http://www.eclipse.org/smarthome},
year = {2016}}

@ONLINE{eclipse-smarthome-docs,
author = {Eclipse},
title = {Eclipse Smarthome documentation},
url = {https://www.eclipse.org/smarthome/documentation},
year = {2016}}

@techreport{coap-rfc,
  author = {Z. Shelby and K. Hartke and C. Bormann},
  title = {The Constrained Application Protocol (CoAP)},
  howpublished = {Internet Requests for Comments},
  type = {RFC},
  number = {7252},
  year = {2014},
  month = {June},
  issn = {2070-1721},
  publisher = {RFC Editor},
  institution = {RFC Editor},
  url = {http://www.rfc-editor.org/rfc/rfc7252.txt},
  note = {\url{http://www.rfc-editor.org/rfc/rfc7252.txt}},
}

@TechReport{mqtt-rfc,
  author= {Andrew Banks and Rahul Gupta},
  url       = {http://docs.oasis-open.org/mqtt/mqtt/v3.1.1/os/mqtt-v3.1.1-os.html},
  title = {Message Queuing Telemetry Transport (MQTT)},
  year = {2014},
  month = {October}
}

@ONLINE{netatmo,
author = {Netatmo},
title = {Netatmo weather station},
url = {https://www.netatmo.com/product/weather/weatherstation},
year = {2016}}

@ONLINE{hue,
author = {Philips},
title = {Philips Hue smart light bulbs},
url = {http://www2.meethue.com},
year = {2016}}

@ONLINE{hueemulator,
author = {SteveyO},
title = {Philips Hue emulator by SteveyO},
url = {http://steveyo.github.io/Hue-Emulator},
year = {2016}}

@ONLINE{ieeesurvey,
author = {IEEE},
title = {IEEE IoT Developer Survey},
url = {https://goo.gl/WCmjqM},
year = {2016}}

@TechReport{sse,
  author      = "Ian Hickson",
  title       = "Server-Sent Events",
  month       = feb,
  url       = {http://www.w3.org/TR/2015/REC-eventsource-20150203},
  year        = "2015",
  bibsource   = "http://w2.syronex.com/jmr/w3c-biblio",
  type        = "{W3C} Recommendation",
  institution = "W3C",
}
